<record xmlns="http://www.loc.gov/MARC21/slim" xmlns:xsi="http://www.w3.org/2001/XMLSchema-instance" xsi:schemaLocation="http://www.loc.gov/MARC21/slim http://www.loc.gov/standards/marcxml/schema/MARC21slim.xsd">

  <leader>02148nab a2200181   4500</leader>
  <controlfield tag="005">20160331135433.0</controlfield>
  <controlfield tag="008">151215b2006    cr f|||| |||| 00| 0 spa d</controlfield>
  <datafield ind2=" " ind1=" " tag="090">
    <subfield code="a">REVIS 06.02.01</subfield>
  </datafield>
  <datafield ind2=" " ind1="1" tag="100">
    <subfield code="9">1219</subfield>
    <subfield code="a">Monge Nájera, Julián</subfield>
  </datafield>
  <datafield ind2="3" ind1="1" tag="245">
    <subfield code="a">El papel de la computadora en la escuela: contraste entre teoría y práctica en docentes costarricenses de primaria y secundaria /</subfield>
    <subfield code="c">Julián Monge Nájera, Víctor Hugo Méndez Estrada</subfield>
  </datafield>
  <datafield ind2=" " tag="260" ind1=" ">
    <subfield code="a">San José, Costa Rica :</subfield>
    <subfield code="b">Editorial Universidad de Costa Rica,</subfield>
    <subfield code="c">2006</subfield>
  </datafield>
  <datafield tag="300" ind1=" " ind2=" ">
    <subfield code="a">páginas 47-62</subfield>
  </datafield>
  <datafield ind2=" " ind1=" " tag="520">
    <subfield code="a">En Costa Rica, la informática dejó de ser una "nueva tecnología" para ser parte cotidiana de la vida de docentes y estudiantes. Sin embargo, el valor y tipo de uso de las computadoras y otros componentes de la informática en la enseñanza-aprendizaje aún son sujeto de debate entre los teóricos de la educación. La discusión se centra en un aspecto teórico y otro práctico. El teórico: ¿debe enseñarse cómo funciona la computadora o debe enseñarse simplemente a usarla? El práctico: ¿conviene usar la informática durante las lecciones, o sólo como un complemento extra-clase? Tras consultar a 231 mujeres y hombres dedicados a la enseñanza primaria y secundaria en toda Costa Rica, se encontró que la mayoría está a favor de cómo enseñar a usar la computadora (más que cómo funciona), tanto en el aula como fuera de ella. Sin embargo, en la vida real usan la informática más en actividades administrativas que educativas, y no han aprovechado el  verdadero potencial de la tecnología de la información y comunicación (TIC) en educación, por lo cual no han cosechado los logros que se esperan de su suo. Es urgente entonces un giro radical en la forma en que se apoya al personal docente y en cómo se emplean realmente las computadoras en la educación primaria y secundaria de Costa Rica</subfield>
  </datafield>
  <datafield ind2="4" tag="650" ind1="1">
    <subfield code="9">1</subfield>
    <subfield code="a">EDUCACIÓN</subfield>
  </datafield>
  <datafield ind2=" " ind1="1" tag="700">
    <subfield code="9">1221</subfield>
    <subfield code="a">Méndez Estrada, Víctor Hugo</subfield>
    <subfield code="c">coautor</subfield>
  </datafield>
  <datafield ind2=" " ind1="0" tag="773">
    <subfield code="d">San José, Costa Rica : Editorial de la Universidad de Costa Rica, 1997-</subfield>
    <subfield code="o">R0307</subfield>
    <subfield code="t">EDUCACIÓN: Revista de la Universidad de Costa Rica</subfield>
    <subfield code="g">Vol.30, no.2 (2006)</subfield>
  </datafield>
  <datafield ind1=" " tag="942" ind2=" ">
    <subfield code="2">z</subfield>
    <subfield code="c">10</subfield>
  </datafield>
  <datafield ind2=" " tag="999" ind1=" ">
    <subfield code="c">2976</subfield>
    <subfield code="d">2976</subfield>
  </datafield>
</record>